<record xmlns="http://www.loc.gov/MARC21/slim">
    <leader>01760cmm a2200349Ia 4500</leader>
    <controlfield tag="001">a7652182</controlfield>
    <controlfield tag="003">SIRSI</controlfield>
    <controlfield tag="007">co cgu||||||||</controlfield>
    <controlfield tag="008">080708s2008 cau b eng d</controlfield>
    <datafield tag="035" ind1=" " ind2=" ">
        <subfield code="a">(OCoLC)233573623</subfield>
    </datafield>
    <datafield tag="040" ind1=" " ind2=" ">
        <subfield code="a">GZT</subfield>
        <subfield code="c">GZT</subfield>
    </datafield>
    <datafield tag="050" ind1=" " ind2="4">
        <subfield code="a">G70.212</subfield>
        <subfield code="b">.A73934 2008</subfield>
    </datafield>
    <datafield tag="245" ind1="0" ind2="0">
        <subfield code="a">ArcGIS desktop 9.3</subfield>
        <subfield code="h">[electronic resource] :</subfield>
        <subfield code="b">media kit /</subfield>
        <subfield code="c">Environmental Systems Research Institute.</subfield>
    </datafield>
    <datafield tag="246" ind1="1" ind2=" ">
        <subfield code="i">At head of title:</subfield>
        <subfield code="a">ArcGIS 9</subfield>
    </datafield>
    <datafield tag="250" ind1=" " ind2=" ">
        <subfield code="a">[Version] 9.3.</subfield>
    </datafield>
    <datafield tag="260" ind1=" " ind2=" ">
        <subfield code="a">Redlands, CA :</subfield>
        <subfield code="b">Environmental Systems Research Institute,</subfield>
        <subfield code="c">c2008.</subfield>
    </datafield>
    <datafield tag="300" ind1=" " ind2=" ">
        <subfield code="a">5 DVD-ROMs ;</subfield>
        <subfield code="c">4 3/4 in. +</subfield>
        <subfield code="e">1 quick start guide + 1 desktop short cut guide</subfield>
    </datafield>
    <datafield tag="500" ind1=" " ind2=" ">
        <subfield code="a">Title from slip case.</subfield>
    </datafield>
    <datafield tag="505" ind1="0" ind2=" ">
        <subfield code="a">[disc] 1. ArcGIS desktop -- [disc] 2. ArcInfo workstation.</subfield>
    </datafield>
    <datafield tag="520" ind1=" " ind2=" ">
        <subfield code="a">Contains integrated applications that are intended to be used with ArcView, ArcEditor, and ArcInfo in order to do comprehensive mapping and geographical analysis.</subfield>
    </datafield>
    <datafield tag="538" ind1=" " ind2=" ">
        <subfield code="a">System requirements: PC-Intel; Windows, Unix.</subfield>
    </datafield>
    <datafield tag="590" ind1=" " ind2=" ">
        <subfield code="a">Branner Earth Sciences Library c. 1: also includes ArcGIS 9.3.1 update (3 DVD-ROMs)</subfield>
    </datafield>
    <datafield tag="596" ind1=" " ind2=" ">
        <subfield code="a">10</subfield>
    </datafield>
    <datafield tag="650" ind1=" " ind2="0">
        <subfield code="a">Geographic information systems</subfield>
        <subfield code="v">Software.</subfield>
    </datafield>
    <datafield tag="650" ind1=" " ind2="0">
        <subfield code="a">Digital mapping</subfield>
        <subfield code="v">Software.</subfield>
    </datafield>
    <datafield tag="655" ind1=" " ind2="7">
        <subfield code="a">Geographic information systems data.</subfield>
        <subfield code="2">local</subfield>
    </datafield>
    <datafield tag="710" ind1="2" ind2=" ">
        <subfield code="a">Environmental Systems Research Institute (Redlands, Calif.)</subfield>
    </datafield>
    <datafield tag="740" ind1="0" ind2="2">
        <subfield code="a">ArcInfo workstation.</subfield>
    </datafield>
    <datafield tag="994" ind1=" " ind2=" ">
        <subfield code="a">C0</subfield>
        <subfield code="b">STF</subfield>
    </datafield>
    <datafield tag="999" ind1=" " ind2=" ">
        <subfield code="a">G70.212 .A73934 2008</subfield>
        <subfield code="w">LC</subfield>
        <subfield code="c">1</subfield>
        <subfield code="i">36105130436541</subfield>
        <subfield code="d">6/25/2009</subfield>
        <subfield code="e">6/19/2009</subfield>
        <subfield code="j">4</subfield>
        <subfield code="l">PERM-RES</subfield>
        <subfield code="m">EARTH-SCI</subfield>
        <subfield code="n">10</subfield>
        <subfield code="r">Y</subfield>
        <subfield code="s">Y</subfield>
        <subfield code="t">PERIBND</subfield>
        <subfield code="u">8/5/2008</subfield>
        <subfield code="o">.TECHSTAFF. </subfield>
    </datafield>
    <datafield tag="999" ind1=" " ind2=" ">
        <subfield code="a">G70.212 .A73934 2008</subfield>
        <subfield code="w">LC</subfield>
        <subfield code="c">2</subfield>
        <subfield code="i">36105130436848</subfield>
        <subfield code="j">2</subfield>
        <subfield code="l">REFERENCE</subfield>
        <subfield code="m">EARTH-SCI</subfield>
        <subfield code="r">Y</subfield>
        <subfield code="s">Y</subfield>
        <subfield code="t">REF</subfield>
        <subfield code="u">3/9/2009</subfield>
    </datafield>
    <datafield tag="999" ind1=" " ind2=" ">
        <subfield code="a">G70.212 .A73934 2008</subfield>
        <subfield code="w">LC</subfield>
        <subfield code="c">3</subfield>
        <subfield code="i">36105130437192</subfield>
        <subfield code="d">4/27/2009</subfield>
        <subfield code="e">4/23/2009</subfield>
        <subfield code="j">2</subfield>
        <subfield code="l">MEDIA</subfield>
        <subfield code="m">EARTH-SCI</subfield>
        <subfield code="n">2</subfield>
        <subfield code="r">Y</subfield>
        <subfield code="s">Y</subfield>
        <subfield code="t">MEDIA</subfield>
        <subfield code="u">3/9/2009</subfield>
    </datafield>
</record>
